<record><leader>00000cas a22000007a 4500</leader><controlfield tag="001">14219148</controlfield><controlfield tag="008">860915d18231825vauwr ne      0    0eng  </controlfield><datafield ind1=" " ind2=" " tag="010"><subfield code="a">sn 86071925 </subfield></datafield><datafield ind1=" " ind2=" " tag="040"><subfield code="a">DLC</subfield><subfield code="b">eng</subfield><subfield code="c">DLC</subfield><subfield code="d">NVK</subfield><subfield code="d">OCL</subfield><subfield code="d">OCLCO</subfield><subfield code="d">OCLCQ</subfield><subfield code="d">OCLCF</subfield></datafield><datafield ind1="1" ind2=" " tag="029"><subfield code="a">AU@</subfield><subfield code="b">000020128204</subfield></datafield><datafield ind1=" " ind2=" " tag="042"><subfield code="a">msc</subfield></datafield><datafield ind1=" " ind2=" " tag="043"><subfield code="a">n-us-va</subfield></datafield><datafield ind1="0" ind2="0" tag="050"><subfield code="a">Newspaper 10028-X</subfield></datafield><datafield ind1="0" ind2=" " tag="130"><subfield code="a">Shenandoah herald (Woodstock, Va. : 1823)</subfield></datafield><datafield ind1="1" ind2="0" tag="245"><subfield code="a">Shenandoah herald.</subfield></datafield><datafield ind1=" " ind2=" " tag="260"><subfield code="a">Woodstock, Va. :</subfield><subfield code="b">Smoot &amp; Foster</subfield></datafield><datafield ind1=" " ind2=" " tag="300"><subfield code="a">v. :</subfield><subfield code="b">ill. ;</subfield><subfield code="c">46 cm.</subfield></datafield><datafield ind1=" " ind2=" " tag="310"><subfield code="a">Weekly</subfield></datafield><datafield ind1="1" ind2=" " tag="362"><subfield code="a">Began with June 4, 1823 issue; ceased in 1825.</subfield><subfield code="z">Cf. Cappon, L.J. Va. newspapers.</subfield></datafield><datafield ind1=" " ind2=" " tag="500"><subfield code="a">Publisher varies: Benj. L. Bogan, &lt;1824&gt;</subfield></datafield><datafield ind1=" " ind2=" " tag="500"><subfield code="a">Editor: J.H. Smoot, &lt;1824&gt;</subfield></datafield><datafield ind1=" " ind2=" " tag="588"><subfield code="a">Description based on: Vol. 6, no. 51 (Nov. 19, 1823) = New ser., no. 25.</subfield></datafield><datafield ind1=" " ind2="0" tag="651"><subfield code="a">Woodstock (Shenandoah County, Va.)</subfield><subfield code="v">Newspapers.</subfield></datafield><datafield ind1=" " ind2="0" tag="651"><subfield code="a">Shenandoah County (Va.)</subfield><subfield code="v">Newspapers.</subfield></datafield><datafield ind1=" " ind2="7" tag="655"><subfield code="a">Newspapers.</subfield><subfield code="2">fast</subfield><subfield code="0">(OCoLC)fst01423814</subfield></datafield><datafield ind1=" " ind2="7" tag="651"><subfield code="a">Virginia</subfield><subfield code="z">Shenandoah County.</subfield><subfield code="2">fast</subfield><subfield code="0">(OCoLC)fst01219281</subfield></datafield><datafield ind1=" " ind2="7" tag="651"><subfield code="a">Virginia</subfield><subfield code="z">Woodstock (Shenandoah County)</subfield><subfield code="2">fast</subfield><subfield code="0">(OCoLC)fst01313693</subfield></datafield><datafield ind1=" " ind2=" " tag="752"><subfield code="a">United States</subfield><subfield code="b">Virginia</subfield><subfield code="c">Shenandoah</subfield><subfield code="d">Woodstock.</subfield></datafield><datafield ind1="0" ind2="0" tag="780"><subfield code="t">Woodstock herald and Shenandoah weekly advertiser</subfield><subfield code="w">(DLC)sn 86092561</subfield></datafield><datafield ind1="0" ind2="0" tag="785"><subfield code="t">Sentinel of the valley (Woodstock, Va. : 1825)</subfield><subfield code="w">(DLC)sn 85054318</subfield></datafield></record>